@online{cbsnews_ai_voice,
  title   = {Cybercriminals are using AI voice cloning tools to dupe victims},
  author  = {{CSBS News}},
  year    = 2023,
  url     = {https://www.cbsnews.com/news/ai-scam-voice-cloning-rising/},
  urldate = {2023-10-08}
}